[
    {
        "id": 1,
        "year": "2014-03",
        "NET_INCOME_LOSS": 1598.0,
        "OPS_INCOME_LOSS": 2048.0,
        "REVENUES": 3163.0,
        "PROFIT_MARGIN": 50.52
    },
    {
        "id": 2,
        "year": "2014-06",
        "NET_INCOME_LOSS": 1360.0,
        "OPS_INCOME_LOSS": 2020.0,
        "REVENUES": 3155.0,
        "PROFIT_MARGIN": 43.11
    },
    {
        "id": 3,
        "year": "2014-12",
        "NET_INCOME_LOSS": 1569.0,
        "OPS_INCOME_LOSS": 2238.0,
        "REVENUES": 3382.0,
        "PROFIT_MARGIN": 46.39
    },
    {
        "id": 4,
        "year": "2015-03",
        "NET_INCOME_LOSS": 1550.0,
        "OPS_INCOME_LOSS": 2281.0,
        "REVENUES": 3409.0,
        "PROFIT_MARGIN": 45.47
    },
    {
        "id": 5,
        "year": "2015-06",
        "NET_INCOME_LOSS": 1697.0,
        "OPS_INCOME_LOSS": 2262.0,
        "REVENUES": 3518.0,
        "PROFIT_MARGIN": 48.24
    },
    {
        "id": 6,
        "year": "2015-12",
        "NET_INCOME_LOSS": 1941.0,
        "OPS_INCOME_LOSS": 2396.0,
        "REVENUES": 3565.0,
        "PROFIT_MARGIN": 54.45
    },
    {
        "id": 7,
        "year": "2016-03",
        "NET_INCOME_LOSS": 1707.0,
        "OPS_INCOME_LOSS": 2434.0,
        "REVENUES": 3626.0,
        "PROFIT_MARGIN": 47.08
    },
    {
        "id": 8,
        "year": "2016-06",
        "NET_INCOME_LOSS": 412.0,
        "OPS_INCOME_LOSS": 428.0,
        "REVENUES": 3630.0,
        "PROFIT_MARGIN": 11.35
    },
    {
        "id": 9,
        "year": "2016-12",
        "NET_INCOME_LOSS": 2070.0,
        "OPS_INCOME_LOSS": 3100.0,
        "REVENUES": 4461.0,
        "PROFIT_MARGIN": 46.4
    },
    {
        "id": 10,
        "year": "2017-03",
        "NET_INCOME_LOSS": 430.0,
        "OPS_INCOME_LOSS": 2808.0,
        "REVENUES": 4477.0,
        "PROFIT_MARGIN": 9.6
    },
    {
        "id": 11,
        "year": "2017-06",
        "NET_INCOME_LOSS": 2059.0,
        "OPS_INCOME_LOSS": 3024.0,
        "REVENUES": 4565.0,
        "PROFIT_MARGIN": 45.1
    },
    {
        "id": 12,
        "year": "2017-12",
        "NET_INCOME_LOSS": 2522.0,
        "OPS_INCOME_LOSS": 3327.0,
        "REVENUES": 4862.0,
        "PROFIT_MARGIN": 51.87
    },
    {
        "id": 13,
        "year": "2018-03",
        "NET_INCOME_LOSS": 2605.0,
        "OPS_INCOME_LOSS": 3336.0,
        "REVENUES": 5073.0,
        "PROFIT_MARGIN": 51.35
    },
    {
        "id": 14,
        "year": "2018-06",
        "NET_INCOME_LOSS": 2329.0,
        "OPS_INCOME_LOSS": 2885.0,
        "REVENUES": 5240.0,
        "PROFIT_MARGIN": 44.45
    },
    {
        "id": 15,
        "year": "2018-12",
        "NET_INCOME_LOSS": 2977.0,
        "OPS_INCOME_LOSS": 3717.0,
        "REVENUES": 5506.0,
        "PROFIT_MARGIN": 54.07
    },
    {
        "id": 16,
        "year": "2019-03",
        "NET_INCOME_LOSS": 2977.0,
        "OPS_INCOME_LOSS": 3641.0,
        "REVENUES": 5494.0,
        "PROFIT_MARGIN": 54.19
    },
    {
        "id": 17,
        "year": "2019-06",
        "NET_INCOME_LOSS": 3101.0,
        "OPS_INCOME_LOSS": 3908.0,
        "REVENUES": 5840.0,
        "PROFIT_MARGIN": 53.1
    },
    {
        "id": 18,
        "year": "2019-12",
        "NET_INCOME_LOSS": 3272.0,
        "OPS_INCOME_LOSS": 4016.0,
        "REVENUES": null,
        "PROFIT_MARGIN": null
    },
    {
        "id": 19,
        "year": "2020-03",
        "NET_INCOME_LOSS": 3084.0,
        "OPS_INCOME_LOSS": 3924.0,
        "REVENUES": null,
        "PROFIT_MARGIN": null
    },
    {
        "id": 20,
        "year": "2020-06",
        "NET_INCOME_LOSS": 2373.0,
        "OPS_INCOME_LOSS": 2999.0,
        "REVENUES": null,
        "PROFIT_MARGIN": null
    },
    {
        "id": 21,
        "year": "2020-12",
        "NET_INCOME_LOSS": 3126.0,
        "OPS_INCOME_LOSS": 3844.0,
        "REVENUES": null,
        "PROFIT_MARGIN": null
    },
    {
        "id": 22,
        "year": "2021-03",
        "NET_INCOME_LOSS": 3026.0,
        "OPS_INCOME_LOSS": 3581.0,
        "REVENUES": null,
        "PROFIT_MARGIN": null
    },
    {
        "id": 23,
        "year": "2021-06",
        "NET_INCOME_LOSS": 2575.0,
        "OPS_INCOME_LOSS": 4064.0,
        "REVENUES": null,
        "PROFIT_MARGIN": null
    },
    {
        "id": 24,
        "year": "2021-12",
        "NET_INCOME_LOSS": 3959.0,
        "OPS_INCOME_LOSS": 4776.0,
        "REVENUES": null,
        "PROFIT_MARGIN": null
    },
    {
        "id": 25,
        "year": "2022-03",
        "NET_INCOME_LOSS": 3647.0,
        "OPS_INCOME_LOSS": 4802.0,
        "REVENUES": null,
        "PROFIT_MARGIN": null
    },
    {
        "id": 26,
        "year": "2022-06",
        "NET_INCOME_LOSS": 3411.0,
        "OPS_INCOME_LOSS": 4148.0,
        "REVENUES": null,
        "PROFIT_MARGIN": null
    },
    {
        "id": 27,
        "year": "2022-12",
        "NET_INCOME_LOSS": 4179.0,
        "OPS_INCOME_LOSS": 5090.0,
        "REVENUES": null,
        "PROFIT_MARGIN": null
    },
    {
        "id": 28,
        "year": "2023-03",
        "NET_INCOME_LOSS": 4257.0,
        "OPS_INCOME_LOSS": 5336.0,
        "REVENUES": null,
        "PROFIT_MARGIN": null
    },
    {
        "id": 29,
        "year": "2023-06",
        "NET_INCOME_LOSS": 4156.0,
        "OPS_INCOME_LOSS": 5024.0,
        "REVENUES": null,
        "PROFIT_MARGIN": null
    },
    {
        "id": 30,
        "year": "2023-12",
        "NET_INCOME_LOSS": 4890.0,
        "OPS_INCOME_LOSS": 5954.0,
        "REVENUES": null,
        "PROFIT_MARGIN": null
    }
]